@inproceedings{bst:kdd11,
  author    = {Bee-Chung Chen and
               Jian Guo and
               Belle Tseng and
               Jie Yang},
  title     = {User reputation in a comment rating environment},
  booktitle = {KDD},
  year      = {2011}
}

@inproceedings{rlfm:kdd09,
    author = {Deepak Agarwal and Bee-Chung Chen},
    title = {Regression-based latent factor models},
    booktitle = {KDD},
    year = {2009}
}

@inproceedings{gmf:recsys11,
  title={Generalizing matrix factorization through flexible regression priors},
  author={Zhang, L. and Agarwal, D. and Chen, B.C.},
  booktitle={RecSys},
  year={2011}
}
